@ARTICLE{PandeyWardle2008,
   author = {{Pandey}, B.~P. and {Wardle}, M.},
    title = "{Hall magnetohydrodynamics of partially ionized plasmas}",
  journal = {\mnras},
archivePrefix = "arXiv",
   eprint = {0707.2688},
 keywords = {MHD , plasmas , waves , Sun: atmosphere , Earth , stars: formation},
     year = 2008,
    month = apr,
   volume = 385,
    pages = {2269-2278},
      doi = {10.1111/j.1365-2966.2008.12998.x},
   adsurl = {http://adsabs.harvard.edu/abs/2008MNRAS.385.2269P},
  adsnote = {Provided by the SAO/NASA Astrophysics Data System}
}

@ARTICLE{Wurster2016,
   author = {{Wurster}, J.},
    title = "{NICIL: A Stand Alone Library to Self-Consistently Calculate Non-Ideal Magnetohydrodynamic Coefficients in Molecular Cloud Cores}",
  journal = {\pasa},
archivePrefix = "arXiv",
   eprint = {1608.00983},
 primaryClass = "astro-ph.IM",
 keywords = {(magnetohydrodynamics) MHD, methods: numerical},
     year = 2016,
    month = sep,
   volume = 33,
      eid = {e041},
    pages = {e041},
      doi = {10.1017/pasa.2016.34},
   adsurl = {http://adsabs.harvard.edu/abs/2016PASA...33...41W},
  adsnote = {Provided by the SAO/NASA Astrophysics Data System}
}

@ARTICLE{WPB2016,
   author = {{Wurster}, J. and {Price}, D.~J. and {Bate}, M.~R.},
    title = "{Can non-ideal magnetohydrodynamics solve the magnetic braking catastrophe?}",
  journal = {\mnras},
archivePrefix = "arXiv",
   eprint = {1512.01597},
 primaryClass = "astro-ph.SR",
 keywords = {magnetic fields, MHD, methods: numerical, stars: formation},
     year = 2016,
    month = mar,
   volume = 457,
    pages = {1037-1061},
      doi = {10.1093/mnras/stw013},
   adsurl = {http://adsabs.harvard.edu/abs/2016MNRAS.457.1037W},
  adsnote = {Provided by the SAO/NASA Astrophysics Data System}
}
